@article{al-kodmany_sentient_2012,
	title = {Sentient City: Ubiquitous Computing, Architecture, and the Future of Urban Space},
	volume = {19},
	issn = {1063-0732, 1466-1853},
	url = {http://www.tandfonline.com/doi/abs/10.1080/10630732.2012.744599},
	doi = {10.1080/10630732.2012.744599},
	shorttitle = {Sentient City},
	pages = {137--140},
	number = {3},
	journaltitle = {Journal of Urban Technology},
	author = {Al-Kodmany, Kheir},
	urldate = {2014-10-27},
	date = {2012-07},
	langid = {english},
	file = {Al-Kodmany - 2012 - Sentient City Ubiquitous Computing, Architecture,.pdf:/Users/David/Library/Application Support/Zotero/Profiles/p1xxzryi.default/zotero/storage/ZUM78G2P/Al-Kodmany - 2012 - Sentient City Ubiquitous Computing, Architecture,.pdf:application/pdf}
}